%%mine

@article{ireport,
    abstract = {{Galaxy offers a number of visualisation options with components, such as Trackster, Circster and Galaxy Charts, but currently lacks the ability to easily combine outputs from different tools into a single view or report. A number of tools produce HTML reports as output in order to combine the various output files from a single tool; however, this requires programming and knowledge of HTML, and the reports must be custom-made for each new tool. We have developed a generic and flexible reporting tool for Galaxy, iReport, that allows users to create interactive HTML reports directly from the Galaxy UI, with the ability to combine an arbitrary number of outputs from any number of different tools. Content can be organised into different tabs, and interactivity can be added to components. To demonstrate the capability of iReport we provide two publically available examples, the first is an iReport explaining about iReports, created for, and using content from the recent Galaxy Community Conference 2014. The second is a genetic report based on a trio analysis to determine candidate pathogenic variants which uses our previously developed Galaxy toolset for whole-genome NGS analysis, CGtag. These reports may be adapted for outputs from any sequencing platform and any results, such as omics data, non-high throughput results and clinical variables. iReport provides a secure, collaborative, and flexible web-based reporting system that is compatible with Galaxy (and non-Galaxy) generated content. We demonstrate its value with a real-life example of reporting genetic trio-analysis.}},
    author = {Hiltemann, Saskia and Hoogstrate, Youri and der Spek, Peter van v. and Jenster, Guido and Stubbs, Andrew},
    citeulike-article-id = {14061683},
    citeulike-linkout-0 = {http://view.ncbi.nlm.nih.gov/pubmed/25374662},
    citeulike-linkout-1 = {http://www.hubmed.org/display.cgi?uids=25374662},
    issn = {2047-217X},
    journal = {GigaScience},
    keywords = {galaxy},
    pmid = {25374662},
    posted-at = {2016-06-07 03:54:36},
    priority = {2},
    title = {{iReport: a generalised Galaxy solution for integrated experimental reporting.}},
    url = {http://view.ncbi.nlm.nih.gov/pubmed/25374662},
    volume = {3},
    year = {2014}
}

@article{moorhouse2014immunoglobulin,
  title={ImmunoGlobulin galaxy (IGGalaxy) for simple determination and quantitation of immunoglobulin heavy chain rearrangements from NGS},
  author={Moorhouse, Michael J and van Zessen, David and IJspeert, Hanna and Hiltemann, Saskia and Horsman, Sebastian and van der Spek, Peter J and van der Burg, Mirjam and Stubbs, Andrew P},
  journal={BMC immunology},
  volume={15},
  number={1},
  pages={59},
  year={2014},
  publisher={BioMed Central}
}

@article{alves2013gene,
  title={Gene fusions by chromothripsis of chromosome 5q in the VCaP prostate cancer cell line},
  author={Alves, In{\^e}s Teles and Hiltemann, Saskia and Hartjes, Thomas and van der Spek, Peter and Stubbs, Andrew and Trapman, Jan and Jenster, Guido},
  journal={Human genetics},
  volume={132},
  number={6},
  pages={709--713},
  year={2013},
  publisher={Springer}
}

@article{stubbs2012huvariome,
  title={Huvariome: a web server resource of whole genome next-generation sequencing allelic frequencies to aid in pathological candidate gene selection},
  author={Stubbs, Andrew and McClellan, Elizabeth A and Horsman, Sebastiaan and Hiltemann, Saskia D and Palli, Ivo and Nouwens, Stephan and Koning, Anton HJ and Hoogland, Frits and Reumers, Joke and Heijsman, Daphne and others},
  journal={Journal of clinical bioinformatics},
  volume={2},
  number={1},
  pages={19},
  year={2012},
  publisher={BioMed Central}
}

@article{hiltemann2015discriminating,
  title={Discriminating somatic and germline mutations in tumor DNA samples without matching normals},
  author={Hiltemann, Saskia and Jenster, Guido and Trapman, Jan and van der Spek, Peter and Stubbs, Andrew},
  journal={Genome research},
  volume={25},
  number={9},
  pages={1382--1390},
  year={2015},
  publisher={Cold Spring Harbor Lab}
}

@article{alves2015next,
  title={Next-generation sequencing reveals novel rare fusion events with functional implication in prostate cancer},
  author={Alves, I Teles and Hartjes, Thomas and McClellan, Elizabeth and Hiltemann, Saskia and B{\"o}ttcher, Ren{\'e} and Dits, Natasja and Temanni, MR and Janssen, Bart and Van Workum, W and van der Spek, Peter and others},
  journal={Oncogene},
  volume={34},
  number={5},
  pages={568--577},
  year={2015},
  publisher={Nature Publishing Group}
}

@article{hiltemann2014cgtag,
  title={CGtag: complete genomics toolkit and annotation in a cloud-based Galaxy},
  author={Hiltemann, Saskia and Mei, Hailiang and de Hollander, Mattias and Palli, Ivo and van der Spek, Peter and Jenster, Guido and Stubbs, Andrew},
  journal={GigaScience},
  volume={3},
  number={1},
  pages={1},
  year={2014},
  publisher={BioMed Central}
}

@article{hiltemann2013ifuse,
  title={iFUSE: integrated fusion gene explorer},
  author={Hiltemann, Saskia and McClellan, Elizabeth A and van Nijnatten, Jos and Horsman, Sebastiaan and Palli, Ivo and Alves, Ines Teles and Hartjes, Thomas and Trapman, Jan and van der Spek, Peter and Jenster, Guido and others},
  journal={Bioinformatics},
  pages={btt252},
  year={2013},
  publisher={Oxford Univ Press}
}

@article{hiltemann2008multi,
  title={Multi-coloured Cellular Automata},
  author={Hiltemann, Saskia},
  journal={Bachelor thesis, Erasmus Universiteit, Rotterdam, Netherlands},
  year={2008}
}

@article{hoogstrate2015fuma,
  title={FuMa: reporting overlap in RNA-seq detected fusion genes},
  author={Hoogstrate, Youri and B{\"o}ttcher, Ren{\'e} and Hiltemann, Saskia and van der Spek, Peter J and Jenster, Guido and Stubbs, Andrew P},
  journal={Bioinformatics},
  pages={btv721},
  year={2015},
  publisher={Oxford Univ Press}
}

@article{hoogstrate2016integration,
  title={Integration of EGA secure data access into Galaxy},
  author={Hoogstrate, Youri and Zhang, Chao and Senf, Alexander and Bijlard, Jochem and Hiltemann, Saskia and van Enckevort, David and Repo, Susanna and Heringa, Jaap and Jenster, Guido and Fijneman, Remond JA and others},
  journal={F1000Research},
  volume={5},
  year={2016},
  publisher={Faculty of 1000 Ltd}
}



%% history/milestones

%%% reference genome
@article{olson1993human,
  title={The human genome project.},
  author={Olson, Maynard V},
  journal={Proceedings of the National Academy of Sciences},
  volume={90},
  number={10},
  pages={4338--4344},
  year={1993},
  publisher={National Acad Sciences}
}

@article{international2004finishing,
  title={Finishing the euchromatic sequence of the human genome},
  author={International Human Genome Sequencing Consortium and others},
  journal={Nature},
  volume={431},
  number={7011},
  pages={931--945},
  year={2004},
  publisher={Nature Publishing Group}
}


%% software

@article{prego,
  title={Reconstructing cancer genomes from paired-end sequencing data},
  author={Oesper, Layla and Ritz, Anna and Aerni, Sarah J and Drebin, Ryan and Raphael, Benjamin J},
  journal={BMC bioinformatics},
  volume={13},
  number={6},
  pages={S10},
  year={2012},
  publisher={BioMed Central}
}

%% techniques/lab

@article{gawad2016single,
  title={Single-cell genome sequencing: current state of the science},
  author={Gawad, Charles and Koh, Winston and Quake, Stephen R},
  journal={Nature Reviews Genetics},
  volume={17},
  number={3},
  pages={175--188},
  year={2016},
  publisher={Nature Publishing Group}
}


@article{meyerson2010advances,
  title={Advances in understanding cancer genomes through second-generation sequencing},
  author={Meyerson, Matthew and Gabriel, Stacey and Getz, Gad},
  journal={Nature Reviews Genetics},
  volume={11},
  number={10},
  pages={685--696},
  year={2010},
  publisher={Nature Publishing Group}
}

%%% Paired end mapping (PEM) / end sequence profiling (ESP)
@article{korbel2007paired,
  title={Paired-end mapping reveals extensive structural variation in the human genome},
  author={Korbel, Jan O and Urban, Alexander Eckehart and Affourtit, Jason P and Godwin, Brian and Grubert, Fabian and Simons, Jan Fredrik and Kim, Philip M and Palejev, Dean and Carriero, Nicholas J and Du, Lei and others},
  journal={Science},
  volume={318},
  number={5849},
  pages={420--426},
  year={2007},
  publisher={American Association for the Advancement of Science}
}

@article{volik2003end,
  title={End-sequence profiling: sequence-based analysis of aberrant genomes},
  author={Volik, Stanislav and Zhao, Shaying and Chin, Koei and Brebner, John H and Herndon, David R and Tao, Quanzhou and Kowbel, David and Huang, Guiqing and Lapuk, Anna and Kuo, Wen-Lin and others},
  journal={Proceedings of the National Academy of Sciences},
  volume={100},
  number={13},
  pages={7696--7701},
  year={2003},
  publisher={National Acad Sciences}
}

%%% Whole Exome Sequencing (WES)
@article{wood2007genomic,
  title={The genomic landscapes of human breast and colorectal cancers},
  author={Wood, Laura D and Parsons, D Williams and Jones, Si{\^a}n and Lin, Jimmy and Sj{\"o}blom, Tobias and Leary, Rebecca J and Shen, Dong and Boca, Simina M and Barber, Thomas and Ptak, Janine and others},
  journal={Science},
  volume={318},
  number={5853},
  pages={1108--1113},
  year={2007},
  publisher={American Association for the Advancement of Science}
}


%% biology

%%% chromotripsis
@article{stephens2011massive,
  title={Massive genomic rearrangement acquired in a single catastrophic event during cancer development},
  author={Stephens, Philip J and Greenman, Chris D and Fu, Beiyuan and Yang, Fengtang and Bignell, Graham R and Mudie, Laura J and Pleasance, Erin D and Lau, King Wai and Beare, David and Stebbings, Lucy A and others},
  journal={cell},
  volume={144},
  number={1},
  pages={27--40},
  year={2011},
  publisher={Elsevier}
}

@article{greenman2007patterns,
  title={Patterns of somatic mutation in human cancer genomes},
  author={Greenman, Christopher and Stephens, Philip and Smith, Raffaella and Dalgliesh, Gillian L and Hunter, Christopher and Bignell, Graham and Davies, Helen and Teague, Jon and Butler, Adam and Stevens, Claire and others},
  journal={Nature},
  volume={446},
  number={7132},
  pages={153--158},
  year={2007},
  publisher={Nature Publishing Group}
}

%%% fusion genes

@article{tomlins2005recurrent,
  title={Recurrent fusion of TMPRSS2 and ETS transcription factor genes in prostate cancer},
  author={Tomlins, Scott A and Rhodes, Daniel R and Perner, Sven and Dhanasekaran, Saravana M and Mehra, Rohit and Sun, Xiao-Wei and Varambally, Sooryanarayana and Cao, Xuhong and Tchinda, Joelle and Kuefer, Rainer and others},
  journal={science},
  volume={310},
  number={5748},
  pages={644--648},
  year={2005},
  publisher={American Association for the Advancement of Science}
}

@article{soller2006confirmation,
  title={Confirmation of the high frequency of the TMPRSS2/ERG fusion gene in prostate cancer},
  author={Soller, Maria Johansson and Isaksson, Margareth and Elfving, Peter and Soller, Wolfgang and Lundgren, Rolf and Panagopoulos, Ioannis},
  journal={Genes, Chromosomes and Cancer},
  volume={45},
  number={7},
  pages={717--719},
  year={2006},
  publisher={Wiley Online Library}
}


%% therapeutics/treatments/medicine

@article{druker2001efficacy,
  title={Efficacy and safety of a specific inhibitor of the BCR-ABL tyrosine kinase in chronic myeloid leukemia},
  author={Druker, Brian J and Talpaz, Moshe and Resta, Debra J and Peng, Bin and Buchdunger, Elisabeth and Ford, John M and Lydon, Nicholas B and Kantarjian, Hagop and Capdeville, Renaud and Ohno-Jones, Sayuri and others},
  journal={N Engl j Med},
  volume={2001},
  number={344},
  pages={1031--1037},
  year={2001},
  publisher={Mass Medical Soc}
}

@article{kauraniemi2004effects,
  title={Effects of Herceptin treatment on global gene expression patterns in HER2-amplified and nonamplified breast cancer cell lines},
  author={Kauraniemi, P{\"a}ivikki and Hautaniemi, Sampsa and Autio, Reija and Astola, Jaakko and Monni, Outi and Elkahloun, Abdel and Kallioniemi, Anne},
  journal={Oncogene},
  volume={23},
  number={4},
  pages={1010--1013},
  year={2004},
  publisher={Nature Publishing Group}
}


%%misc

@article{mills2011mapping,
  title={Mapping copy number variation by population-scale genome sequencing},
  author={Mills, Ryan E and Walter, Klaudia and Stewart, Chip and Handsaker, Robert E and Chen, Ken and Alkan, Can and Abyzov, Alexej and Yoon, Seungtai Chris and Ye, Kai and Cheetham, R Keira and others},
  journal={Nature},
  volume={470},
  number={7332},
  pages={59--65},
  year={2011},
  publisher={Nature Publishing Group}
}

@article{raphael2003reconstructing,
  title={Reconstructing tumor genome architectures},
  author={Raphael, Benjamin J and Volik, Stanislav and Collins, Colin and Pevzner, Pavel A},
  journal={Bioinformatics},
  volume={19},
  number={suppl 2},
  pages={ii162--ii171},
  year={2003},
  publisher={Oxford Univ Press}
}

@article{wheeler2013human,
  title={From human genome to cancer genome: the first decade},
  author={Wheeler, David A and Wang, Linghua},
  journal={Genome research},
  volume={23},
  number={7},
  pages={1054--1062},
  year={2013},
  publisher={Cold Spring Harbor Lab}
}

@article{hanahan2000hallmarks,
  title={The hallmarks of cancer},
  author={Hanahan, Douglas and Weinberg, Robert A},
  journal={cell},
  volume={100},
  number={1},
  pages={57--70},
  year={2000},
  publisher={Elsevier}
}

@article{hanahan2011hallmarks,
  title={Hallmarks of cancer: the next generation},
  author={Hanahan, Douglas and Weinberg, Robert A},
  journal={cell},
  volume={144},
  number={5},
  pages={646--674},
  year={2011},
  publisher={Elsevier}
}

@article{albertson2003chromosome,
  title={Chromosome aberrations in solid tumors},
  author={Albertson, Donna G and Collins, Colin and McCormick, Frank and Gray, Joe W},
  journal={Nature genetics},
  volume={34},
  number={4},
  pages={369},
  year={2003},
  publisher={Nature Publishing Group}
}

@article{hampton1996simultaneous,
  title={Simultaneous assessment of loss of heterozygosity at multiple microsatellite loci using semi-automated fluorescence-based detection: subregional mapping of chromosome 4 in cervical carcinoma},
  author={Hampton, Garret M and Larson, Amy A and Baergen, Rebecca N and Sommers, Robin L and Kern, Suzanne and Cavenee, Webster K},
  journal={Proceedings of the National Academy of Sciences},
  volume={93},
  number={13},
  pages={6704--6709},
  year={1996},
  publisher={National Acad Sciences}
}


%% Websites and other non-article resources
@misc{thousanddollargenome,
  title = {PRIZE Overview: Archon X PRIZE for Genomics.},
  howpublished = {\url{https://web.archive.org/web/20080421165009/http://genomics.xprize.org:80/genomics/archon-x-prize-for-genomics/prize-overview}}
}

@misc{sequencingcostsNHGRI,
  title = {National Human Genome Research Institute (NHGRI) DNA Sequencing Costs: Data},
  howpublished = {\url{https://www.genome.gov/sequencingcostsdata/}}
}
