% bmc_article.bib
% 
%  An example of bibtex entries.
%  Entries taken from BMC instructions for authors page.


% Article within a journal
@ARTICLE{article_template_entry,
	author  = {}, 
	title   = {}, 
	journal = {}, 
	year    = {},
	month   = {},
	day     = {},  
	volume  = {}, 
	number  = {},
	pages   = {},
	doi     = {},
	url     = {http://dx.doi.org/}	
}

% Article within a journal
@ARTICLE{nieminen,
	author  = {Nieminen, P and Morgan, N V and Fenwick, A L and Parmanen, S and Veistinen, L and Mikkola, M L and 
		    van der Spek, P J and Giraud, A and Judd, L and Arte, and Brueton, L A and Wall, S A and Mathijssen, I M and Maher, E R amd Wilkie, A O and Kreiborg, S and Thesleff, I}, 
	title   = {Inactivation of IL11 signaling causes craniosynostosis, delayed tooth eruption, and supernumerary teeth}, 
	journal = {Am J Hum Genet}, 
	year    = {2011},
	month   = {July},
	volume  = {89}, 
	number  = {1},
	pages   = {67-81},
	doi     = {10.1016/j.ajhg.2011.05.024},
	url     = {http://dx.doi.org/10.1016/j.ajhg.2011.05.024}
	
}	

% Article within a journal supplement
@ARTICLE{schloss,
	author  = {Schloss, P D and Westcott, S L and  Ryabin, T and Hall, JR and Hartmann, M and Hollister, EB and Lesniewski, RA and Oakley, BB and Parks, DH and Robinson, CJ and Sahl, JW and Stres, B and Thallinger, GC and Van Horn, DJ and Weber, CF}, 
	title   = {Introducing mothur: open-source, platformindependent, community-supported software for describing and comparing microbial communities},
	journal = {2. Appl Environ Microbiol}, 
	year    = {2009},
	volume  = {75}, 
	pages   = {7537-7541}
}	


% Article within a journal
@ARTICLE{ma,
	author  = {Ma, Y and Dobbins, SE and Sherborne, AL and Chubb, D and Galbiati, M and Cazzaniga, G and Micalizzi, C and Tearle, R and Lloyd, AL and Hain, R and Greaves, M and Houlston, RS}, 
	title   = {Developmental timing of mutations revealed by whole-genome sequencing of twins with acute lymphoblastic leukemia}, 
	journal = {Proc Natl Acad Sci USA}, 
	year    = {2013},
	month   = {April},
	day     = {30},  
	volume  = {110}, 
	number  = {18},
	pages   = {7429-7433},
	doi     = {10.1073/pnas.1221099110},
	url     = {http://dx.doi.org/10.1073/pnas.1221099110}	
}

% Article within a journal
@ARTICLE{drmanac,
	author  = {
    Drmanac, R and Sparks, AB and Callow, MJ and Halpern, AL and Burns, NL and Kermani, BG and Carnevali, P and Nazarenko, I and GB Nilsen, GB and Yeung, G and Dahl, F and Fernandez, A and Staker, B and      Pant, KP and Baccash, J and Borcherding, AP and Brownley, A and Cedeno, R and Chen, L and Chernikoff, D and Cheung, A and Chirita, R and Curson, B and Ebert, JC and Hacker, CR and Hartlage, R and Hauser, B and Huang, S and Jiang, Y and Karpinchyk, V and et al.}, 
	title   = {Human Genome Sequencing Using Unchained Base Reads on Self-Assembling DNA Nanoarrays}, 
	journal = {Science}, 
	year    = {2010},
	month   = {January},
	day     = {1},  
	volume  = {327}, 
	number  = {5961},
	pages   = {78-81},
	doi     = {10.1126/science.1181498},
	url     = {http://dx.doi.org/10.1126/science.1181498 }	
}

% Article within a journal
@ARTICLE{afgan,
	author  = {Afgan, E and Baker, D and Coraor, N and Chapman, B and Nekrutenko, A and Taylor, J}, 
	title   = {Galaxy CloudMan: delivering cloud compute clusters}, 
	journal = {BMC Bioinformatics }, 
	year    = {2010},
	month   = {December},
	day     = {21},  
	volume  = {11}, 
	number  = {Suppl12},
	pages   = {S4},
	doi     = {10.1186/1471-2105-11-S12-S4},
	url     = {http://dx.doi.org/10.1186/1471-2105-11-S12-S4}	
}

% Article within a journal
@ARTICLE{huvariome,
	author  = {Stubbs, A and McClellan, EA and Horsman, S and Hiltemann, SD and Palli, I and Nouwens, S and Koning, AH and Hoogland, F and Reumers, J and Heijsman, D and Swagemakers, S and Kremer, A and Meijerink, J and Lambrechts, D and van der Spek, PJ}, 
	title   = {Huvariome: a web server resource of whole genome next-generation sequencing allelic frequencies to aid in pathological candidate gene selection}, 
	journal = {J Clin Bioinformatics}, 
	year    = {2012},
	month   = {November},
	day     = {19},  
	volume  = {2}, 
	number  = {1},
	pages   = {19},
	doi     = {10.1186/2043-9113-2-19},
	url     = {http://dx.doi.org/10.1186/2043-9113-2-19}	
}

% Article within a journal
@ARTICLE{ifuse,
	author  = {Hiltemann, SD and McClellan, EA and van Nijnatten, J and Horsman, S and Palli, I and Teles Alves, I and Hartjes, T and Trapman, J and van der Spek, P and Jenster, G and Stubbs, A}, 
	title   = {iFUSE: integrated fusion gene explorer}, 
	journal = {Bioinformatics}, 
	year    = {2013},
	month   = {July},
	day     = {1},  
	volume  = {29}, 
	number  = {13},
	pages   = {1700-1701},
	doi     = {10.1093/bioinformatics/btt252},
	url     = {http://dx.doi.org/10.1093/bioinformatics/btt252}	
}

% Article within a journal
@ARTICLE{molenaar,
	author  = {Molenaar, JJ and Koster, J and Zwijnenburg, DA and van Sluis, P and Valentijn, LJ and van der Ploeg, I and Hamdi, M and van Nes, J and Westerman, BA and van Arkel, J and Ebus, ME and Haneveld, F and Lakeman, A and Schild, L and Molenaar, P and Stroeken, P and van Noesel, MM and Ora, I and Santo, EE and Caron, HN and Westerhout, EM and Versteeg, R}, 
	title   = {Sequencing of neuroblastoma identifies chromothripsis and defects in neuritogenesis genes}, 
	journal = {Nature}, 
	year    = {2012},
	month   = {Februari},
	day     = {22},  
	volume  = {483}, 
	number  = {7391},
	pages   = {589-593},
	doi     = {10.1038/nature10910},
	url     = {http://dx.doi.org/10.1038/nature10910}	
}

@ARTICLE{annovar,
	author  = {Wang, K and Li, M and Hakonarson, H}, 
	title   = {ANNOVAR: functional annotation of genetic variants from high-throughput sequencing data}, 
	journal = {Nucleic Acids Res}, 
	year    = {2010},
	month   = {September},
	day     = {},  
	volume  = {38}, 
	number  = {16},
	pages   = {e164},
	doi     = {10.1093/nar/gkq603},
	url     = {http://dx.doi.org/10.1093/nar/gkq603}	
}

% Article within a journal
@ARTICLE{condel,
	author  = {González-Pérez, A and López-Bigas,N}, 
	title   = {Improving the Assessment of the Outcome of Nonsynonymous SNVs with a Consensus Deleteriousness Score, Condel}, 
	journal = {Am J Hum Genet}, 
	year    = {2011},
	month   = {April},
	day     = {8},  
	volume  = {88}, 
	number  = {4},
	pages   = {440-449},
	doi     = {10.1016/j.ajhg.2011.03.004},
	url     = {http://dx.doi.org/10.1016/j.ajhg.2011.03.004}	
}


% Article within a journal
@ARTICLE{mutass,
	author  = {Reva, B and Antipin, Y and Sander, C}, 
	title   = {Predicting the functional impact of protein mutations: application to cancer genomics}, 
	journal = {Nucleic Acids Res}, 
	year    = {2011},
	month   = {September},
	day     = {1},  
	volume  = {39}, 
	number  = {17},
	pages   = {e118},
	doi     = {10.1093/nar/gkr407},
	url     = {http://dx.doi.org/10.1093/nar/gkr407}	
}

% Article within a journal
@ARTICLE{fusionmap,
	author  = {Ge1,H and Liu, K and Juan, T and Fang, F and Newman, M and Hoeck W}, 
	title   = {FusionMap: detecting fusion genes from next-generation sequencing data at base-pair resolution}, 
	journal = {Bioinformatics}, 
	year    = {2011},
	month   = {July},
	day     = {},  
	volume  = {27}, 
	number  = {14},
	pages   = {1922},
	doi     = {},
	url     = {http://dx.doi.org/}	
}


@webpage{url-template,
	title  = {},
	url = {}
}

%%%%%%
% Webpage Link / URL
@webpage{url-cgatools,
	title  = {CGATools},
	url = {http://cgatools.sourceforge.net/}
}

@webpage{url-circos,
	title  = {Circos Circular Visualisation},
	url = {http://circos.ca}
}

@webpage{url-annovar,
	title  = {ANNOVAR},
	url = {http://www.openbioinformatics.org/annovar/}
}

@webpage{url-cgftp,
	title  = {Complete Genomics ftp },
	url = {ftp.completegenomics.com, ftp2.completegenomics.com }
}

@webpage{url-ifuse,
	title  = {iFUSE: integrated fusion gene explorer},
	url = {http://ifuse.erasmusmc.nl}
}

@webpage{url-cgcircos,
	title  = {CG circos scripts},
	url = {ftp://ftp.completegenomics.com/ToolRepository/CompleteCircosPackage.zip}
}

@webpage{url-surfsara,
	title  = {SURF Sara HPC Cloud},
	url = {http://www.surfsara.nl/systems/hpc-cloud}
}

@webpage{url-toolshed,
	title  = {Main Galaxy Toolshed},
	url = {http://toolshed.g2.bx.psu.edu/}
}

@webpage{url-gnuplot,
	title  = {GNUPlot},
	url = {http://www.gnuplot.info}
}


@webpage{url-nbicgalaxy,
	title  = {NBIC/CTMM-TraIT Cloud-based Galaxy},
	url = {http://galaxy-demo.trait-ctmm.cloudlet.sara.nl}
}

@webpage{url-nbictoolshed,
	title  = {NBIC Galaxy Toolshed},
	url = {http://toolshed.nbic.nl}
}


% In press article
@inpress{khar,
	author  = {Kharitonov, S A and Barnes, P J}, 
	title   = {Clinical aspects of exhaled nitric oxide},
	journal = {Eur Respir J}, 
	note    = {in press} 
}	

%
% Published abstract
%
@ARTICLE{zvai,
	author  = {Zvaifler, N J and Burger, J A and Marinova-Mutafchieva, 
		   L and Taylor, P and Maini, R N},
	title   = {Mesenchymal cells, stromal derived factor-1 and 
		   rheumatoid arthritis [abstract]},
	journal = {Arthritis Rheum}, 
	year    = {1999},
	volume  = {42}, 
	pages   = {s250},
}	


%
% Article within conference proceedings
%
@Inproceedings{xjon,
	author    = {X Jones}, 
	title     = {Zeolites and synthetic mechanisms},
	booktitle = {Proceedings of the First National Conference on 
		     Porous Sieves: 27-30 June 1996; Baltimore},
	year      = {1996},
	  editor  = {Y Smith}, 
	  pages   = {16-27},
	  organization  = {Stoneham: Butterworth-Heinemann}
}	

%%%%%%%%
%  Book chapter, or article within a book
%
@incollection{schn,
	author    = {E Schnepf}, 
	title     = {From prey via endosymbiont to plastids: 
		     comparative studies in dinoflagellates},
	booktitle = {Origins of Plastids}, 
	editor    = {R A Lewin}, 
	publisher = {Chapman and Hall},
	pages     = {53-76}, 
	year      = {1993},
	  address = {New York}, 
	  volume  = {2}, 
	  edition = {2nd} 
}	

%%%%%%%%
% Whole issue of journal
%
@wholejournal{pond,
	editor  = {B Ponder and S Johnston and L Chodosh}, 
	title   = {Innovative oncology},
	journal = {Breast Cancer Res}, 
	year  = {1998},
	  volume= {10}, 
	  pages = {1-72}
}	


%%%%%%%%
% Whole conference proceedings
%
@proceedings{smith,
	editor  = {Y Smith}, 
	title   = {Proceedings of the First National Conference
		   on Porous Sieves: 27-30 June 1996; Baltimore},
	year = 1996,
	  address= {Stoneham}, 
	  publisher = {Butterworth-Heinemann},
}	


%%%%%%%%
% Complete book
%
@book{marg,
	author    = {L Margulis}, 
	title     = {Origin of Eukaryotic Cells},
	publisher = {Yale University Press}, 
	year      = {1970},
	address   = {New Haven} 
}



%%%%%%%%
% Monograph or book in series 
%
@incollection{hunn,
	author    = {G W Hunninghake and J E Gadek}, 
	title     = {The alveloar macrophage},
	booktitle = {Cultured Human Cells and Tissues},
	publisher = {Academic Press}, 
	year      = {1995},
  pages      = {54-56},
	  editor   = {T J R Harris}, 
	  address  = {New York}, 
	  note     = {Stoner G (Series Editor): Methods and Perspectives in Cell Biology, vol 1} 
}


%%%%%%%%
% Book with institutional author
@manual{advi,
	  title   = {Annual Report}, 
	    organization  = {Advisory Committee on Genetic Modification}, 
	    address = {London},
	    year    = {1999}
}


%%%%%%%%
% PHD Thesis
%
@phdthesis{koha,
	author = {R Kohavi}, 
	title  = {Wrappers for performance enhancement and
		  obvious decision graphs},
	school = {Stanford University, Computer Science Department},
	year   = {1995}
}

%%%%%%%%
% Webpage Link / URL
%
@webpage{mouse,
	title  = {The Mouse Tumor Biology Database},
	url = {http://tumor.informatics.jax.org/cancer_links.html}
}


